<record xmlns="http://www.loc.gov/MARC21/slim" xmlns:xsi="http://www.w3.org/2001/XMLSchema-instance" xsi:schemaLocation="http://www.loc.gov/MARC21/slim http://www.loc.gov/standards/marcxml/schema/MARC21slim.xsd"><leader>     nam a22        4500</leader><controlfield tag="001">3062796</controlfield><controlfield tag="003">NNC</controlfield><controlfield tag="006">m        d        </controlfield><controlfield tag="007">cr cn |||m|||a</controlfield><controlfield tag="008">150316s1949    ua      o     000 0 ara d</controlfield><datafield ind1=" " ind2=" " tag="040"><subfield code="a">NNU</subfield><subfield code="b">eng</subfield><subfield code="e">rda</subfield><subfield code="c">NNU</subfield></datafield><datafield ind1=" " ind2="4" tag="050"><subfield code="a">KBP639.32.K43</subfield><subfield code="b">A322 1949</subfield></datafield><datafield ind1="1" ind2=" " tag="100"><subfield code="6">880-01</subfield><subfield code="a">Khafi&#772;f, &#699;Ali&#772;.</subfield></datafield><datafield ind1="1" ind2="0" tag="240"><subfield code="6">880-02</subfield><subfield code="a">Ah&#803;ka&#772;m al-mu&#699;a&#772;mala&#772;t al-shar&#699;i&#772;yah.</subfield><subfield code="k">Selections</subfield></datafield><datafield ind1="1" ind2="0" tag="245"><subfield code="6">880-03</subfield><subfield code="a">Mukhtas&#803;ar Ah&#803;ka&#772;m al-mu&#699;a&#772;mala&#772;t al-shar&#699;i&#772;yah /</subfield><subfield code="c">ta&#700;li&#772;f &#699;Ali&#772; al-Khafi&#772;f.</subfield></datafield><datafield ind1=" " ind2=" " tag="250"><subfield code="6">880-04</subfield><subfield code="a">al-T&#803;ab&#699;ah 2.</subfield></datafield><datafield ind1=" " ind2=" " tag="260"><subfield code="6">880-05</subfield><subfield code="a">al-Qa&#772;hirah :</subfield><subfield code="b">Mat&#803;ba&#699;at al-Sunnah al-Muh&#803;ammadi&#772;yah,</subfield><subfield code="c">1949.</subfield></datafield><datafield ind1=" " ind2=" " tag="300"><subfield code="a">online resource (268 pages)</subfield></datafield><datafield ind1=" " ind2=" " tag="336"><subfield code="a">text</subfield><subfield code="2">rdacontent</subfield></datafield><datafield ind1=" " ind2=" " tag="337"><subfield code="a">computer</subfield><subfield code="2">rdamedia</subfield></datafield><datafield ind1=" " ind2=" " tag="338"><subfield code="a">online resource</subfield><subfield code="2">rdacarrier</subfield></datafield><datafield ind1=" " ind2=" " tag="500"><subfield code="a">Part of the Arabic Collections Online (ACO) project, contributed by Columbia University Libraries.</subfield></datafield><datafield ind1=" " ind2=" " tag="533"><subfield code="a">Electronic reproduction.</subfield><subfield code="b">New York, N.Y. :</subfield><subfield code="c">New York University,</subfield><subfield code="d">2015.</subfield><subfield code="5">NNU</subfield></datafield><datafield ind1=" " ind2="0" tag="650"><subfield code="a">Islamic law.</subfield></datafield><datafield ind1=" " ind2="0" tag="650"><subfield code="a">Things (Islamic law)</subfield></datafield><datafield ind1=" " ind2="0" tag="650"><subfield code="a">Contracts (Islamic law)</subfield></datafield><datafield ind1=" " ind2="7" tag="650"><subfield code="a">Contracts (Islamic law)</subfield><subfield code="2">fast</subfield><subfield code="0">(OCoLC)fst00877008</subfield></datafield><datafield ind1=" " ind2="7" tag="650"><subfield code="a">Islamic law.</subfield><subfield code="2">fast</subfield><subfield code="0">(OCoLC)fst00979949</subfield></datafield><datafield ind1=" " ind2="7" tag="650"><subfield code="a">Things (Islamic law)</subfield><subfield code="2">fast</subfield><subfield code="0">(OCoLC)fst01200047</subfield></datafield><datafield ind1="2" ind2=" " tag="710"><subfield code="a">Columbia University.</subfield><subfield code="b">Libraries.</subfield></datafield><datafield ind1="0" ind2=" " tag="730"><subfield code="a">Arabic Collections Online.</subfield></datafield><datafield ind1="0" ind2="8" tag="776"><subfield code="i">Print version:</subfield><subfield code="a">Khafi&#772;f, &#699;Ali&#772;.</subfield><subfield code="t">Mukhtas&#803;ar Ah&#803;ka&#772;m al-mu&#699;a&#772;mala&#772;t al-shar&#699;i&#772;yah</subfield><subfield code="w">(NNC)3062796</subfield><subfield code="w">(OCoLC)47736637</subfield></datafield><datafield ind1="4" ind2="0" tag="856"><subfield code="u">http://hdl.handle.net/2333.1/1rn8pn7p</subfield></datafield><datafield ind1="1" ind2=" " tag="880"><subfield code="6">100-01/r</subfield><subfield code="a">&#1582;&#1601;&#1610;&#1601;&#1548; &#1593;&#1604;&#1610;.</subfield></datafield><datafield ind1="1" ind2="0" tag="880"><subfield code="6">240-02/r</subfield><subfield code="a">&#1575;&#1581;&#1603;&#1575;&#1605; &#1575;&#1604;&#1605;&#1593;&#1575;&#1605;&#1604;&#1575;&#1578; &#1575;&#1604;&#1588;&#1585;&#1593;&#1610;&#1577;.</subfield><subfield code="k">&#1605;&#1582;&#1578;&#1589;&#1585;</subfield></datafield><datafield ind1="1" ind2="0" tag="880"><subfield code="6">245-03/r</subfield><subfield code="a">&#1605;&#1582;&#1578;&#1589;&#1585; &#1575;&#1581;&#1603;&#1575;&#1605; &#1575;&#1604;&#1605;&#1593;&#1575;&#1605;&#1604;&#1575;&#1578; &#1575;&#1604;&#1588;&#1585;&#1593;&#1610;&#1577; /</subfield><subfield code="c">&#1578;&#1571;&#1604;&#1610;&#1601; &#1593;&#1604;&#1610; &#1575;&#1604;&#1582;&#1601;&#1610;&#1601;.</subfield></datafield><datafield ind1=" " ind2=" " tag="880"><subfield code="6">250-04/r</subfield><subfield code="a">&#1575;&#1604;&#1591;&#1576;&#1593;&#1577; 2.</subfield></datafield><datafield ind1=" " ind2=" " tag="880"><subfield code="6">260-05/r</subfield><subfield code="a">&#1575;&#1604;&#1602;&#1575;&#1607;&#1585;&#1577; :</subfield><subfield code="b">&#1605;&#1591;&#1576;&#1593;&#1577; &#1575;&#1604;&#1587;&#1606;&#1577; &#1575;&#1604;&#1605;&#1581;&#1605;&#1583;&#1610;&#1577;&#1548;</subfield><subfield code="c">1949.</subfield></datafield><datafield ind1=" " ind2=" " tag="959"><subfield code="a">NNU</subfield><subfield code="b">WEB</subfield><subfield code="c">GENI</subfield><subfield code="t">0</subfield><subfield code="m">Electronic access</subfield><subfield code="s">01</subfield></datafield><datafield ind1=" " ind2=" " tag="999"><subfield code="i">NNC_3062796</subfield><subfield code="o">(OCoLC)ocm47736637 </subfield><subfield code="s">columbia_aco000221</subfield></datafield></record>